%% This BibTeX bibliography file was created using BibDesk.
%% http://bibdesk.sourceforge.net/

%% Created for Andrew A Hedding at 2018-06-01 14:44:23 -0700 


%% Saved with string encoding Unicode (UTF-8) 



@article{polinskandpotsdam2002,
	Author = {Maria Polinsky and Eric Potsdam},
	Date-Added = {2018-06-01 21:43:14 +0000},
	Date-Modified = {2018-06-01 21:44:23 +0000},
	Journal = {Linguistic Inquiry},
	Number = {2},
	Pages = {245-282},
	Title = {Backward Control},
	Volume = {33},
	Year = {2002}}

@phdthesis{ostrove2018,
	Author = {Jason Ostrove},
	Date-Added = {2018-06-01 21:39:59 +0000},
	Date-Modified = {2018-06-01 21:41:23 +0000},
	School = {University of California Santa Cruz},
	Title = {When $\varphi$-Agreement Targets Topics: The View from {S}an {M}art\'{i}n Peras Mixtec},
	Year = {2018}}
